<record><leader>00000cas a22000007  4500</leader><controlfield tag="001">19418910</controlfield><controlfield tag="008">890323c19459999mouwr ne      0    0eng d</controlfield><datafield ind1=" " ind2=" " tag="010"><subfield code="a">sn 89066077 </subfield></datafield><datafield ind1=" " ind2=" " tag="040"><subfield code="a">MQN</subfield><subfield code="b">eng</subfield><subfield code="c">MQN</subfield><subfield code="d">OCLCQ</subfield></datafield><datafield ind1=" " ind2=" " tag="042"><subfield code="a">msc</subfield></datafield><datafield ind1="0" ind2=" " tag="130"><subfield code="a">Louisiana press-journal (Louisiana, Mo. : 1945)</subfield></datafield><datafield ind1="1" ind2="4" tag="245"><subfield code="a">The Louisiana press-journal.</subfield></datafield><datafield ind1=" " ind2=" " tag="260"><subfield code="a">Louisiana, Mo. :</subfield><subfield code="b">Press-Journal Pub. Co.,</subfield><subfield code="c">1945-</subfield></datafield><datafield ind1=" " ind2=" " tag="300"><subfield code="a">v.</subfield></datafield><datafield ind1=" " ind2=" " tag="310"><subfield code="a">Weekly,</subfield><subfield code="b">Sept. 14, 1988-</subfield></datafield><datafield ind1=" " ind2=" " tag="321"><subfield code="a">Semiweekly,</subfield><subfield code="b">Aug. 17, 1945-Sept. 8, 1988</subfield></datafield><datafield ind1="0" ind2=" " tag="362"><subfield code="a">vol. 91, no. 23 (Aug. 17, 1945)-</subfield></datafield><datafield ind1=" " ind2=" " tag="752"><subfield code="a">United States</subfield><subfield code="b">Missouri</subfield><subfield code="c">Pike</subfield><subfield code="d">Louisiana.</subfield></datafield><datafield ind1="0" ind2="0" tag="780"><subfield code="t">Louisiana press-journal and twice-a-week times</subfield><subfield code="w">(DLC)sn 89066076</subfield></datafield><datafield ind1="0" ind2="5" tag="780"><subfield code="t">Clarksville sentinel (Clarksville, Mo. : 1928)</subfield><subfield code="w">(DLC)sn 89066395</subfield></datafield></record>